@article{Leoni2009ANumber,
    title = {{A basic swimmer at low Reynolds number}},
    year = {2009},
    journal = {Soft Matter},
    author = {Leoni, Marco and Kotar, Jurij and Bassetti, Bruno and Cicuta, Pietro and Lagomarsino, Marco Cosentino},
    number = {2},
    month = {1},
    pages = {472--476},
    volume = {5},
    publisher = {Royal Society of Chemistry},
    url = {http://xlink.rsc.org/?DOI=B812393D},
    doi = {10.1039/B812393D},
    issn = {1744-683X}
}

@article{Bussi2007AccurateDynamics,
    title = {{Accurate sampling using Langevin dynamics}},
    year = {2007},
    journal = {Physical Review E},
    author = {Bussi, Giovanni and Parrinello, Michele},
    number = {5},
    month = {5},
    pages = {056707},
    volume = {75},
    publisher = {American Physical Society},
    url = {https://link.aps.org/doi/10.1103/PhysRevE.75.056707},
    doi = {10.1103/PhysRevE.75.056707},
    issn = {1539-3755}
}

@article{Mitchell2018AmorphousSets,
    title = {{Amorphous topological insulators constructed from random point sets}},
    year = {2018},
    journal = {Nature Physics},
    author = {Mitchell, Noah P. and Nash, Lisa M. and Hexner, Daniel and Turner, Ari M. and Irvine, William T. M.},
    publisher = {Springer US},
    url = {http://www.nature.com/articles/s41567-017-0024-5},
    isbn = {4156701700},
    doi = {10.1038/s41567-017-0024-5},
    issn = {1745-2473}
}

@article{Golestanian2008AnalyticNumber,
    title = {{Analytic results for the three-sphere swimmer at low Reynolds number}},
    year = {2008},
    journal = {Physical Review E},
    author = {Golestanian, Ramin and Ajdari, Armand},
    number = {3},
    month = {3},
    pages = {036308},
    volume = {77},
    publisher = {American Physical Society},
    url = {https://link.aps.org/doi/10.1103/PhysRevE.77.036308},
    doi = {10.1103/PhysRevE.77.036308},
    issn = {1539-3755}
}

@article{Yan2017ArchitectureMaterials.,
    title = {{Architecture and coevolution of allosteric materials.}},
    year = {2017},
    journal = {Proceedings of the National Academy of Sciences of the United States of America},
    author = {Yan, Le and Ravasio, Riccardo and Brito, Carolina and Wyart, Matthieu},
    number = {10},
    month = {3},
    pages = {2526--2531},
    volume = {114},
    publisher = {National Academy of Sciences},
    url = {http://www.ncbi.nlm.nih.gov/pubmed/28223497 http://www.pubmedcentral.nih.gov/articlerender.fcgi?artid=PMC5347607},
    doi = {10.1073/pnas.1615536114},
    issn = {1091-6490},
    pmid = {28223497},
    keywords = {disordered materials, evolution, proteins}
}

@article{Woodhouse2018AutonomousEquilibrium,
    title = {{Autonomous Actuation of Zero Modes in Mechanical Networks Far from Equilibrium}},
    year = {2018},
    journal = {Physical Review Letters},
    author = {Woodhouse, Francis G. and Ronellenfitsch, Henrik and Dunkel, JÃ¶rn},
    number = {17},
    month = {10},
    pages = {178001},
    volume = {121},
    url = {http://arxiv.org/abs/1805.07728 http://dx.doi.org/10.1103/PhysRevLett.121.178001 https://link.aps.org/doi/10.1103/PhysRevLett.121.178001},
    doi = {10.1103/PhysRevLett.121.178001},
    issn = {0031-9007},
    arxivId = {1805.07728}
}

@article{Ren2018AuxeticReview,
    title = {{Auxetic metamaterials and structures: a review}},
    year = {2018},
    journal = {Smart Materials and Structures},
    author = {Ren, Xin and Das, Raj and Tran, Phuong and Ngo, Tuan Duc and Xie, Yi Min},
    number = {2},
    month = {2},
    pages = {023001},
    volume = {27},
    publisher = {IOP Publishing},
    url = {http://stacks.iop.org/0964-1726/27/i=2/a=023001?key=crossref.723edd00517a5c9d7d39ee8579e85193},
    doi = {10.1088/1361-665X/aaa61c},
    issn = {0964-1726}
}

@article{Zhang2016BerryEffects,
    title = {{Berry curvature and various thermal Hall effects}},
    year = {2016},
    journal = {New Journal of Physics},
    author = {Zhang, Lifa},
    number = {10},
    volume = {18},
    publisher = {IOP Publishing},
    doi = {10.1088/1367-2630/18/10/103039},
    issn = {13672630},
    keywords = {Berry curvature, magnon Hall effect, phonon Hall effect, thermal Hall effects}
}

@article{Susstrunk2016ClassificationMetamaterials,
    title = {{Classification of topological phonons in linear mechanical metamaterials}},
    year = {2016},
    journal = {Proceedings of the National Academy of Sciences},
    author = {S{\"{u}}sstrunk, Roman and Huber, Sebastian D.},
    number = {33},
    pages = {E4767-E4775},
    volume = {113},
    url = {http://www.pnas.org/lookup/doi/10.1073/pnas.1605462113},
    isbn = {0711232105},
    doi = {10.1073/pnas.1605462113},
    issn = {0027-8424},
    pmid = {27482105},
    arxivId = {1604.01033}
}

@book{Hanggi1994ColoredSystems,
    title = {{Colored Noise in Dynamical Systems}},
    year = {1994},
    booktitle = {SIAM Journal on Applied Mathematics},
    author = {H{\"{a}}nggi, P. and Jung, P.},
    number = {2},
    pages = {425},
    volume = {89},
    publisher = {John Wiley {\&} Sons, Inc.},
    url = {http://doi.wiley.com/10.1002/9780470141489},
    isbn = {9780470141489},
    doi = {10.1002/9780470141489}
}

@article{Ceriotti2010Colored-NoiseCarte,
    title = {{Colored-Noise Thermostats {\`{a}} la Carte}},
    year = {2010},
    journal = {Journal of Chemical Theory and Computation},
    author = {Ceriotti, Michele and Bussi, Giovanni and Parrinello, Michele},
    number = {4},
    pages = {1170--1180},
    volume = {6},
    url = {http://pubs.acs.org/doi/abs/10.1021/ct900563s},
    doi = {10.1021/ct900563s},
    issn = {1549-9618}
}

@article{Nomura2012Cross-correlatedSuperfluids,
    title = {{Cross-correlated responses of topological superconductors and superfluids}},
    year = {2012},
    journal = {Physical Review Letters},
    author = {Nomura, Kentaro and Ryu, Shinsei and Furusaki, Akira and Nagaosa, Naoto},
    number = {2},
    pages = {1--5},
    volume = {108},
    doi = {10.1103/PhysRevLett.108.026802},
    issn = {00319007},
    arxivId = {1108.5054}
}

@article{Flechsig2017DesignProteins,
    title = {{Design of Elastic Networks with Evolutionary Optimized Long-Range Communication as Mechanical Models of Allosteric Proteins}},
    year = {2017},
    journal = {Biophysical Journal},
    author = {Flechsig, Holger},
    number = {3},
    month = {8},
    pages = {558--571},
    volume = {113},
    publisher = {Cell Press},
    url = {https://www.sciencedirect.com/science/article/pii/S0006349517306938?via%3Dihub},
    doi = {10.1016/J.BPJ.2017.06.043},
    issn = {0006-3495}
}

@article{Rocks2017DesigningNetworks.,
    title = {{Designing allostery-inspired response in mechanical networks.}},
    year = {2017},
    journal = {Proceedings of the National Academy of Sciences of the United States of America},
    author = {Rocks, Jason W and Pashine, Nidhi and Bischofberger, Irmgard and Goodrich, Carl P and Liu, Andrea J and Nagel, Sidney R},
    number = {10},
    month = {3},
    pages = {2520--2525},
    volume = {114},
    publisher = {National Academy of Sciences},
    url = {http://www.ncbi.nlm.nih.gov/pubmed/28223534 http://www.pubmedcentral.nih.gov/articlerender.fcgi?artid=PMC5347623},
    doi = {10.1073/pnas.1612139114},
    issn = {1091-6490},
    pmid = {28223534},
    keywords = {allostery, disordered networks, mechanical metamaterials, proteins, tunable response}
}

@article{Ren2010EmergenceBias,
    title = {{Emergence and control of heat current from strict zero thermal bias}},
    year = {2010},
    journal = {Physical Review E},
    author = {Ren, Jie and Li, Baowen},
    number = {2},
    month = {2},
    pages = {021111},
    volume = {81},
    publisher = {American Physical Society},
    url = {https://link.aps.org/doi/10.1103/PhysRevE.81.021111},
    doi = {10.1103/PhysRevE.81.021111},
    issn = {1539-3755}
}

@article{Chun2018EmergenceForce,
    title = {{Emergence of nonwhite noise in Langevin dynamics with magnetic Lorentz force}},
    year = {2018},
    journal = {Physical Review E},
    author = {Chun, Hyun-Myung and Durang, Xavier and Noh, Jae Dong},
    number = {3},
    month = {3},
    pages = {032117},
    volume = {97},
    publisher = {American Physical Society},
    url = {https://link.aps.org/doi/10.1103/PhysRevE.97.032117},
    doi = {10.1103/PhysRevE.97.032117},
    issn = {2470-0045}
}

@article{Plimpton1995FastDynamics,
    title = {{Fast Parallel Algorithms for Short-Range Molecular Dynamics}},
    year = {1995},
    journal = {Journal of Computational Physics},
    author = {Plimpton, Steve},
    number = {1},
    month = {3},
    pages = {1--19},
    volume = {117},
    publisher = {Academic Press},
    url = {https://www.sciencedirect.com/science/article/pii/S002199918571039X},
    doi = {10.1006/JCPH.1995.1039},
    issn = {0021-9991}
}

@article{Bertoldi2017FlexibleMetamaterials,
    title = {{Flexible mechanical metamaterials}},
    year = {2017},
    journal = {Nature Reviews Materials},
    author = {Bertoldi, Katia and Vitelli, Vincenzo and Christensen, Johan and van Hecke, Martin},
    number = {11},
    month = {10},
    pages = {17066},
    volume = {2},
    publisher = {Nature Publishing Group},
    url = {http://www.nature.com/articles/natrevmats201766},
    doi = {10.1038/natrevmats.2017.66},
    issn = {2058-8437},
    keywords = {Mechanical properties, Metamaterials}
}

@article{Lee2017FluctuationSystems.,
    title = {{Fluctuation spectra and force generation in nonequilibrium systems.}},
    year = {2017},
    journal = {Proceedings of the National Academy of Sciences of the United States of America},
    author = {Lee, Alpha A and Vella, Dominic and Wettlaufer, John S},
    number = {35},
    month = {8},
    pages = {9255--9260},
    volume = {114},
    publisher = {National Academy of Sciences},
    url = {http://www.ncbi.nlm.nih.gov/pubmed/28811368 http://www.pubmedcentral.nih.gov/articlerender.fcgi?artid=PMC5584411},
    doi = {10.1073/pnas.1701739114},
    issn = {1091-6490},
    pmid = {28811368},
    keywords = {Casimir effect, active matter, fluctuations, nonequilibrium physics}
}

@article{Rocklin2018FoldingTemperature,
    title = {{Folding mechanisms at finite temperature}},
    year = {2018},
    journal = {arXiv:1802.02704},
    author = {Rocklin, D. Zeb and Vitelli, Vincenzo and Mao, Xiaoming},
    month = {2},
    url = {http://arxiv.org/abs/1802.02704},
    arxivId = {1802.02704}
}

@article{Magnasco1993ForcedRatchets,
    title = {{Forced thermal ratchets}},
    year = {1993},
    journal = {Physical Review Letters},
    author = {Magnasco, Marcelo O.},
    number = {10},
    pages = {1477--1481},
    volume = {71},
    isbn = {0031-9007},
    doi = {10.1103/PhysRevLett.71.1477},
    issn = {00319007},
    pmid = {10054418}
}

@article{Maggi2014GeneralizedBaths,
    title = {{Generalized Energy Equipartition in Harmonic Oscillators Driven by Active Baths}},
    year = {2014},
    journal = {Physical Review Letters},
    author = {Maggi, Claudio and Paoluzzi, Matteo and Pellicciotta, Nicola and Lepore, Alessia and Angelani, Luca and Di Leonardo, Roberto},
    number = {23},
    month = {12},
    pages = {238303},
    volume = {113},
    url = {https://link.aps.org/doi/10.1103/PhysRevLett.113.238303},
    doi = {10.1103/PhysRevLett.113.238303},
    issn = {0031-9007},
    arxivId = {1409.3929}
}

@article{Ren2012GeometricSystems,
    title = {{Geometric heat flux for classical thermal transport in interacting open systems}},
    year = {2012},
    journal = {Physical Review Letters},
    author = {Ren, Jie and Liu, Sha and Li, Baowen},
    number = {21},
    pages = {1--5},
    volume = {108},
    doi = {10.1103/PhysRevLett.108.210603},
    issn = {00319007},
    arxivId = {1204.0859}
}

@article{Blees2015GrapheneKirigami,
    title = {{Graphene kirigami}},
    year = {2015},
    journal = {Nature},
    author = {Blees, Melina K. and Barnard, Arthur W. and Rose, Peter A. and Roberts, Samantha P. and McGill, Kathryn L. and Huang, Pinshane Y. and Ruyack, Alexander R. and Kevek, Joshua W. and Kobrin, Bryce and Muller, David A. and McEuen, Paul L.},
    number = {7564},
    month = {8},
    pages = {204--207},
    volume = {524},
    publisher = {Nature Publishing Group},
    url = {http://www.nature.com/articles/nature14588},
    doi = {10.1038/nature14588},
    issn = {0028-0836},
    keywords = {Mechanical and structural properties and devices, Metamaterials, Molecular machines and motors, Two, dimensional materials}
}

@article{Kanazawa2013HeatFluctuations,
    title = {{Heat conduction induced by non-Gaussian athermal fluctuations}},
    year = {2013},
    journal = {Physical Review E},
    author = {Kanazawa, Kiyoshi and Sagawa, Takahiro and Hayakawa, Hisao},
    number = {5},
    month = {5},
    pages = {052124},
    volume = {87},
    url = {https://link.aps.org/doi/10.1103/PhysRevE.87.052124},
    doi = {10.1103/PhysRevE.87.052124},
    issn = {1539-3755},
    pmid = {23767504},
    arxivId = {arXiv:1209.2222v3}
}

@article{Fodor2016HowMatter,
    title = {{How Far from Equilibrium Is Active Matter?}},
    year = {2016},
    journal = {Physical Review Letters},
    author = {Fodor, Etienne and Nardini, Cesare and Cates, Michael E. and Tailleur, Julien and Visco, Paolo and van Wijland, FrÃ©dÃ©ric},
    number = {3},
    month = {7},
    pages = {038103},
    volume = {117},
    url = {http://arxiv.org/abs/1604.00953 http://arxiv.org/abs/1604.00953},
    doi = {10.1103/PhysRevLett.117.038103},
    arxivId = {1604.00953}
}

@article{Sekimoto1998LangevinThermodynamics,
    title = {{Langevin Equation and Thermodynamics}},
    year = {1998},
    journal = {Progress of Theoretical Physics Supplement},
    author = {Sekimoto, Ken},
    number = {130},
    pages = {17--27},
    volume = {130},
    doi = {10.1143/PTPS.130.17},
    issn = {0375-9687}
}

@article{Kundu2011LargeChains,
    title = {{Large deviations of heat flow in harmonic chains}},
    year = {2011},
    journal = {Journal of Statistical Mechanics: Theory and Experiment},
    author = {Kundu, Anupam and Sabhapandit, Sanjib and Dhar, Abhishek},
    number = {3},
    volume = {2011},
    isbn = {1742-5468},
    doi = {10.1088/1742-5468/2011/03/P03007},
    issn = {17425468},
    arxivId = {1101.3669},
    keywords = {current fluctuations, heat conduction, large deviations in non-equilibrium systems}
}

@misc{WolframResearch2018Mathematica11.3,
    title = {{Mathematica, Version 11.3}},
    year = {2018},
    author = {Wolfram Research, Inc.},
    address = {Champaign, IL}
}

@article{Jewett2013MoltemplateTool,
    title = {{Moltemplate a Coarse-Grained Model Assembly Tool}},
    year = {2013},
    journal = {Biophysical Journal},
    author = {Jewett, Andrew I. and Zhuang, Zhuoyun and Shea, Joan-Emma},
    number = {2},
    month = {1},
    pages = {169a},
    volume = {104},
    publisher = {Elsevier},
    url = {https://linkinghub.elsevier.com/retrieve/pii/S0006349512021996},
    doi = {10.1016/j.bpj.2012.11.953},
    issn = {00063495}
}

@article{Lakes2017Negative-Poissons-RatioSolids,
    title = {{Negative-Poisson's-Ratio Materials: Auxetic Solids}},
    year = {2017},
    journal = {Annual Review of Materials Research},
    author = {Lakes, Roderic S.},
    number = {1},
    month = {7},
    pages = {63--81},
    volume = {47},
    publisher = { Annual Reviews },
    url = {http://www.annualreviews.org/doi/10.1146/annurev-matsci-070616-124118},
    doi = {10.1146/annurev-matsci-070616-124118},
    issn = {1531-7331},
    keywords = {Poisson's ratio, auxetic, elasticity, foams, lattices, metamaterials}
}

@article{Pradhan2010NonexistenceSurface,
    title = {{Nonexistence of classical diamagnetism and nonequilibrium fluctuation theorems for charged particles on a curved surface}},
    year = {2010},
    journal = {EPL (Europhysics Letters)},
    author = {Pradhan, P. and Seifert, U.},
    number = {3},
    month = {2},
    pages = {37001},
    volume = {89},
    url = {http://stacks.iop.org/0295-5075/89/i=3/a=37001%5Cnhttp://iopscience.iop.org/0295-5075/89/3/37001/fulltext/ http://stacks.iop.org/0295-5075/89/i=3/a=37001?key=crossref.bb485f1324a1e60aa3ee0324b157a034},
    doi = {10.1209/0295-5075/89/37001},
    issn = {0295-5075},
    arxivId = {0912.4697}
}

@article{Wu2000ParticleBath,
    title = {{Particle Diffusion in a Quasi-Two-Dimensional Bacterial Bath}},
    year = {2000},
    journal = {Physical Review Letters},
    author = {Wu, Xiao-Lun and Libchaber, Albert},
    number = {13},
    month = {3},
    pages = {3017--3020},
    volume = {84},
    publisher = {American Physical Society},
    url = {https://link.aps.org/doi/10.1103/PhysRevLett.84.3017},
    doi = {10.1103/PhysRevLett.84.3017}
}

@article{Zhu2016PersistentTransfer,
    title = {{Persistent Directional Current at Equilibrium in Nonreciprocal Many-Body Near Field Electromagnetic Heat Transfer}},
    year = {2016},
    journal = {Physical Review Letters},
    author = {Zhu, Linxiao and Fan, Shanhui},
    number = {13},
    pages = {1--6},
    volume = {117},
    doi = {10.1103/PhysRevLett.117.134303},
    issn = {10797114},
    arxivId = {1602.08454}
}

@article{Lubensky2015PhononsLattices,
    title = {{Phonons and elasticity in critically coordinated lattices}},
    year = {2015},
    journal = {Reports on Progress in Physics},
    author = {Lubensky, T. C. and Kane, C. L. and Mao, Xiaoming and Souslov, Anton and Sun, Kai},
    number = {7},
    pages = {073901},
    volume = {78},
    publisher = {IOP Publishing},
    url = {http://stacks.iop.org/0034-4885/78/i=7/a=073901?key=crossref.ed7e2e7f699a1e53049f16f3a85fc3dc},
    isbn = {0034-4885},
    doi = {10.1088/0034-4885/78/7/073901},
    issn = {0034-4885},
    pmid = {26115553},
    arxivId = {1503.01324v1}
}

@article{Bartussek1996PreciseRatchets,
    title = {{Precise numerics versus theory for correlation ratchets}},
    year = {1996},
    journal = {Physical Review Letters},
    author = {Bartussek, Roland and Reimann, Peter and H{\"{a}}nggi, Peter},
    number = {7},
    pages = {1166--1169},
    volume = {76},
    doi = {10.1103/PhysRevLett.76.1166},
    issn = {10797114},
    pmid = {10061650}
}

@article{Li2008RatchetingBias,
    title = {{Ratcheting heat flux against a thermal bias}},
    year = {2008},
    journal = {EPL (Europhysics Letters)},
    author = {Li, N. and H{\"{a}}nggi, P. and Li, B.},
    number = {4},
    month = {11},
    pages = {40009},
    volume = {84},
    publisher = {IOP Publishing},
    url = {http://stacks.iop.org/0295-5075/84/i=4/a=40009?key=crossref.1cf44f4cfebf9d1e3bd987b7288d53c9},
    doi = {10.1209/0295-5075/84/40009},
    issn = {0295-5075}
}

@article{Tuckerman1992ReversibleDynamics,
    title = {{Reversible multiple time scale molecular dynamics}},
    year = {1992},
    journal = {J. Chem. Phys.},
    author = {Tuckerman, M.},
    number = {1992},
    volume = {97},
    doi = {10.1063/1.463137}
}

@article{Paulose2015SelectiveMetamaterials.,
    title = {{Selective buckling via states of self-stress in topological metamaterials.}},
    year = {2015},
    journal = {Proceedings of the National Academy of Sciences of the United States of America},
    author = {Paulose, Jayson and Meeussen, Anne S and Vitelli, Vincenzo},
    number = {25},
    month = {6},
    pages = {7639--44},
    volume = {112},
    publisher = {National Academy of Sciences},
    url = {http://www.ncbi.nlm.nih.gov/pubmed/26056303 http://www.pubmedcentral.nih.gov/articlerender.fcgi?artid=PMC4485125},
    doi = {10.1073/pnas.1502939112},
    issn = {1091-6490},
    pmid = {26056303},
    keywords = {isostatic lattices, topological mechanics, topological modes, tunable failure}
}

@article{Chin2008SymplecticTrajectories,
    title = {{Symplectic and energy-conserving algorithms for solving magnetic field trajectories}},
    year = {2008},
    journal = {Physical Review E},
    author = {Chin, Siu A.},
    number = {6},
    month = {6},
    pages = {066401},
    volume = {77},
    publisher = {American Physical Society},
    url = {https://link.aps.org/doi/10.1103/PhysRevE.77.066401},
    doi = {10.1103/PhysRevE.77.066401},
    issn = {1539-3755}
}

@article{Koumakis2013TargetedBacteria,
    title = {{Targeted delivery of colloids by swimming bacteria}},
    year = {2013},
    journal = {Nature Communications},
    author = {Koumakis, N. and Lepore, A. and Maggi, C. and Di Leonardo, R.},
    pages = {1--6},
    volume = {4},
    publisher = {Nature Publishing Group},
    url = {http://dx.doi.org/10.1038/ncomms3588},
    doi = {10.1038/ncomms3588},
    issn = {20411723},
    pmid = {24100868}
}

@incollection{Gardiner2009TheEquations,
    title = {{The Ito Calculus and Stochastic Diï¬erential Equations}},
    year = {2009},
    booktitle = { Stochastic Methods},
    author = {Gardiner, Crispin},
    chapter = {4},
    edition = {4},
    pages = {107},
    publisher = {Springer-Verlag Berlin Heidelberg},
    isbn = {9783540707127}
}

@article{Lepri2003ThermalLattices,
    title = {{Thermal conduction in classical low-dimensional lattices}},
    year = {2003},
    journal = {Physics Reports},
    author = {Lepri, Stefano},
    number = {1},
    month = {4},
    pages = {1--80},
    volume = {377},
    url = {http://linkinghub.elsevier.com/retrieve/pii/S0370157302005586},
    isbn = {0370-1573},
    doi = {10.1016/S0370-1573(02)00558-6},
    issn = {03701573},
    arxivId = {cond-mat/0112193},
    keywords = {Classical lattices, Thermal conductivity}
}

@article{Kane2013TopologicalLattices,
    title = {{Topological boundary modes in isostatic lattices}},
    year = {2013},
    journal = {Nature Physics},
    author = {Kane, C. L. and Lubensky, T. C.},
    number = {1},
    month = {12},
    pages = {39--45},
    volume = {10},
    publisher = {Nature Publishing Group},
    url = {http://www.nature.com/doifinder/10.1038/nphys2835},
    doi = {10.1038/nphys2835},
    issn = {1745-2473},
    arxivId = {1308.0554}
}

@article{Lee2018TopologicalLaws,
    title = {{Topological dynamics of gyroscopic and Floquet lattices from Newton's laws}},
    year = {2018},
    journal = {Physical Review B},
    author = {Lee, Ching Hua and Li, Guangjie and Jin, Guliuxin and Liu, Yuhan and Zhang, Xiao},
    number = {8},
    pages = {1--12},
    volume = {97},
    publisher = {American Physical Society},
    doi = {10.1103/PhysRevB.97.085110},
    issn = {24699969},
    arxivId = {1701.03385},
    keywords = {doi:10.1103/PhysRevB.97.085110 url:https://doi.org}
}

@article{Nash2015TopologicalMetamaterials,
    title = {{Topological mechanics of gyroscopic metamaterials}},
    year = {2015},
    journal = {Proceedings of the National Academy of Sciences},
    author = {Nash, Lisa M. and Kleckner, Dustin and Read, Alismari and Vitelli, Vincenzo and Turner, Ari M. and Irvine, William T. M.},
    number = {47},
    month = {11},
    pages = {14495--14500},
    volume = {112},
    url = {http://www.pnas.org/lookup/doi/10.1073/pnas.1507413112},
    doi = {10.1073/pnas.1507413112},
    issn = {0027-8424},
    pmid = {26561580},
    arxivId = {1504.03362}
}

@article{Wang2015TopologicalWaves,
    title = {{Topological Phononic Crystals with One-Way Elastic Edge Waves}},
    year = {2015},
    journal = {Physical Review Letters},
    author = {Wang, Pai and Lu, Ling and Bertoldi, Katia},
    number = {10},
    pages = {1--5},
    volume = {115},
    isbn = {0031-9007},
    doi = {10.1103/PhysRevLett.115.104302},
    issn = {10797114},
    pmid = {26382680},
    arxivId = {1504.01374v1}
}

@article{Pedro2018TopologicalInteractions,
    title = {{Topological protection can arise from thermal fluctuations and interactions}},
    year = {2018},
    journal = {arXiv:1803.04951v2},
    author = {Pedro, Ricardo Pablo and Paulose, Jayson and Souslov, Anton and Dresselhaus, Mildred and Vitelli, Vincenzo},
    month = {3},
    url = {http://arxiv.org/abs/1803.04951},
    arxivId = {1803.04951}
}